<record><leader>00000cas a2200000 a 4500</leader><controlfield tag="001">11504887</controlfield><controlfield tag="008">841218d187819uuilucr ne      0   a0eng  </controlfield><datafield ind1=" " ind2=" " tag="010"><subfield code="a">sn 84020748 </subfield></datafield><datafield ind1=" " ind2=" " tag="040"><subfield code="a">DLC</subfield><subfield code="b">eng</subfield><subfield code="c">DLC</subfield><subfield code="d">OCL</subfield><subfield code="d">NVF</subfield><subfield code="d">CVF</subfield><subfield code="d">NVF</subfield><subfield code="d">OCLCO</subfield><subfield code="d">OCLCF</subfield><subfield code="d">NVF</subfield><subfield code="d">OCLCO</subfield><subfield code="d">OCL</subfield></datafield><datafield ind1=" " ind2=" " tag="042"><subfield code="a">pcc</subfield></datafield><datafield ind1=" " ind2=" " tag="043"><subfield code="a">n-us-il</subfield></datafield><datafield ind1="0" ind2="0" tag="050"><subfield code="a">Newspaper</subfield></datafield><datafield ind1="0" ind2=" " tag="130"><subfield code="a">Illinois State journal (Springfield, Ill. : Weekly)</subfield></datafield><datafield ind1="1" ind2="4" tag="245"><subfield code="a">The Illinois State journal.</subfield></datafield><datafield ind1="1" ind2="3" tag="246"><subfield code="a">Weekly State journal</subfield></datafield><datafield ind1=" " ind2=" " tag="260"><subfield code="a">Springfield, Ill. :</subfield><subfield code="b">Ill. Springfield Journal Co.,</subfield><subfield code="c">1878-[19--?].</subfield></datafield><datafield ind1=" " ind2=" " tag="300"><subfield code="a">v.</subfield></datafield><datafield ind1=" " ind2=" " tag="310"><subfield code="a">Semiweekly,</subfield><subfield code="b">&lt;Jan 6, 1903-Dec. 30, 1910&gt;</subfield></datafield><datafield ind1=" " ind2=" " tag="321"><subfield code="a">Weekly,</subfield><subfield code="b">Nov. 7, 1878-&lt;Dec. 25, 1890&gt;</subfield></datafield><datafield ind1="0" ind2=" " tag="362"><subfield code="a">Vol. 47, no. 51 (Nov. 7, 1878)-</subfield></datafield><datafield ind1=" " ind2=" " tag="515"><subfield code="a">Continues the numbering of Illinois weekly State journal (Springfield, Ill. : 1873).</subfield></datafield><datafield ind1=" " ind2=" " tag="530"><subfield code="a">Preservation microfilmed by the University of Illinois at Urbana-Champaign Library as part of the United States Newspaper Program; the years 1878-1886 (on 2 microfilm reels) are available for purchase from OCLC Preservation Service Centers.</subfield></datafield><datafield ind1=" " ind2=" " tag="580"><subfield code="a">Daily eds.: Illinois State journal (Springfield, Ill. : 1878), 1878-1886, and: Daily Illinois State journal (Springfield, Ill. : 1886), 1886-1889, and: Illinois state journal (Springfield, Ill. : 1889), 1889-&lt;1910&gt;</subfield></datafield><datafield ind1=" " ind2=" " tag="588"><subfield code="a">Latest issue consulted: Dec. 30, 1910.</subfield></datafield><datafield ind1=" " ind2="0" tag="651"><subfield code="a">Springfield (Ill.)</subfield><subfield code="v">Newspapers.</subfield></datafield><datafield ind1=" " ind2="0" tag="651"><subfield code="a">Illinois</subfield><subfield code="v">Newspapers.</subfield></datafield><datafield ind1=" " ind2="7" tag="651"><subfield code="a">Illinois</subfield><subfield code="2">fast</subfield><subfield code="0">(OCoLC)fst01205143</subfield></datafield><datafield ind1=" " ind2="7" tag="651"><subfield code="a">Illinois</subfield><subfield code="z">Springfield.</subfield><subfield code="2">fast</subfield><subfield code="0">(OCoLC)fst01204937</subfield></datafield><datafield ind1=" " ind2="7" tag="655"><subfield code="a">Newspapers.</subfield><subfield code="2">fast</subfield><subfield code="0">(OCoLC)fst01423814</subfield></datafield><datafield ind1=" " ind2=" " tag="752"><subfield code="a">United States</subfield><subfield code="b">Illinois</subfield><subfield code="c">Sangamon</subfield><subfield code="d">Springfield.</subfield></datafield><datafield ind1="1" ind2=" " tag="775"><subfield code="t">Illinois State journal (Springfield, Ill. : 1878)</subfield><subfield code="w">(DLC)sn 82015560</subfield><subfield code="w">(OCoLC)8821429</subfield></datafield><datafield ind1="1" ind2=" " tag="775"><subfield code="t">Daily Illinois State journal (Springfield, Ill. : 1886)</subfield><subfield code="w">(DLC)sn 82016067</subfield><subfield code="w">(OCoLC)9146518</subfield></datafield><datafield ind1="1" ind2=" " tag="775"><subfield code="t">Illinois state journal (Springfield, Ill. : 1889)</subfield><subfield code="w">(DLC)sn 82015570</subfield><subfield code="w">(OCoLC)8821164</subfield></datafield><datafield ind1="0" ind2="0" tag="780"><subfield code="t">Illinois weekly State journal (Springfield, Ill. : 1873)</subfield><subfield code="w">(DLC)sn 98065031</subfield><subfield code="w">(OCoLC)40297610</subfield></datafield><datafield ind1="1" ind2=" " tag="029"><subfield code="a">AU@</subfield><subfield code="b">000021384293</subfield></datafield></record>